<record><leader>01025cam a2200301 a 4500</leader><controlfield tag="001">6808296</controlfield><controlfield tag="003">OCoLC</controlfield><controlfield tag="005">20150203153056.0</controlfield><controlfield tag="008">140913s2015    mdua     b    000 0 eng d</controlfield><datafield ind1=" " ind2=" " tag="015"><subfield code="a">GBB502420</subfield><subfield code="2">bnb</subfield></datafield><datafield ind1="7" ind2=" " tag="016"><subfield code="a">017002449</subfield><subfield code="2">Uk</subfield></datafield><datafield ind1=" " ind2=" " tag="020"><subfield code="a">9781475815139</subfield></datafield><datafield ind1=" " ind2=" " tag="020"><subfield code="a">1475815131</subfield></datafield><datafield ind1=" " ind2=" " tag="035"><subfield code="a">ocn890625350</subfield></datafield><datafield ind1=" " ind2=" " tag="040"><subfield code="a">BTCTA</subfield><subfield code="b">eng</subfield><subfield code="c">BTCTA</subfield><subfield code="d">YDXCP</subfield><subfield code="d">BDX</subfield><subfield code="d">UKMGB</subfield><subfield code="d">CDX</subfield><subfield code="d">OCLCO</subfield><subfield code="d">UAB</subfield><subfield code="d">AEU</subfield></datafield><datafield ind1=" " ind2="4" tag="050"><subfield code="a">LB1062</subfield><subfield code="b">.T73 2015</subfield></datafield><datafield ind1="0" ind2="4" tag="082"><subfield code="a">370.152</subfield><subfield code="2">23</subfield></datafield><datafield ind1=" " ind2=" " tag="090"><subfield code="a">LB 1062 T73 2015</subfield><subfield code="b">AEU</subfield></datafield><datafield ind1="0" ind2="0" tag="245"><subfield code="a">Transformative talk :</subfield><subfield code="b">cognitive coaches share their stories /</subfield><subfield code="c">edited by Gavin Grift.</subfield></datafield><datafield ind1=" " ind2=" " tag="250"><subfield code="a">1st Rowman &amp; Littlefield ed.</subfield></datafield><datafield ind1=" " ind2=" " tag="260"><subfield code="a">Lanham :</subfield><subfield code="b">Rowman &amp; Littlefield,</subfield><subfield code="c">2015.</subfield></datafield><datafield ind1=" " ind2=" " tag="300"><subfield code="a">vii, 189 p. :</subfield><subfield code="b">ill. ;</subfield><subfield code="c">26 cm.</subfield></datafield><datafield ind1=" " ind2=" " tag="504"><subfield code="a">Includes bibliographical references.</subfield></datafield><datafield ind1=" " ind2=" " tag="596"><subfield code="a">41</subfield></datafield><datafield ind1=" " ind2="0" tag="650"><subfield code="a">Cognitive learning.</subfield></datafield><datafield ind1="1" ind2=" " tag="700"><subfield code="a">Grift, Gavin.</subfield></datafield><datafield ind1=" " ind2=" " tag="949"><subfield code="a">LB 1062 T73 2015</subfield><subfield code="h">UAED-B</subfield><subfield code="i">0162035238649</subfield></datafield><datafield ind1=" " ind2=" " tag="926"><subfield code="a">LB 1062 T73 2015</subfield><subfield code="w">LC</subfield><subfield code="c">1</subfield><subfield code="i">0162035238649</subfield><subfield code="d">3/4/2015</subfield><subfield code="l">FLOOR_2</subfield><subfield code="m">UAEDUC</subfield><subfield code="p">$150.00</subfield><subfield code="r">Y</subfield><subfield code="s">Y</subfield><subfield code="t">BOOK</subfield><subfield code="u">2/19/2015</subfield></datafield></record>